% This file was created with JabRef 2.6.
% Encoding: Cp1252

@MISC{Bornemann2003,
  author = {Bornemann, M. and Graggober, M. and Hartlieb, E. and Humpl, B. and
	Koronakis, P. and Primus, A. and Ritsch, K. and Rollett, H. and Sammer,
	M. and Tuppinger, J. and Willfort, R. and Wöls, K.},
  title = {{An Illustrated Guide to Knowledge Management}},
  year = {2003},
  language = {english},
  organization = {Wissensmanagement Forum}
}

@ARTICLE{damian2006guest,
  author = {Damian, D. and Moitra, D.},
  title = {{Guest Editors' Introduction: Global Software Development: How Far
	Have We Come?}},
  journal = {Software, IEEE},
  year = {2006},
  volume = {23},
  pages = {17--19},
  number = {5},
  publisher = {IEEE}
}

@BOOK{Davenport2000,
  title = {{Working Knowledge: How organizations manage what they know}},
  publisher = {Harvard Business School Press},
  year = {2000},
  author = {Davenport, T.H. and Prusak. L.},
  owner = {jandrada},
  timestamp = {2010.10.21}
}

@BOOK{libro,
  title = {Rationale management in software engineering},
  publisher = {Citeseer},
  year = {2006},
  author = {Dutoit, A.H. and McCall, R. and Mistrik, I. and Paech, B.},
  language = {english},
  url = {http://www.kronto.org/thesis/tips/url-formatting.html}
}

@ARTICLE{ebert2002surviving,
  author = {Ebert, C. and De Neve, P.},
  title = {{Surviving global software development}},
  journal = {Software, IEEE},
  year = {2002},
  volume = {18},
  pages = {62--69},
  number = {2},
  publisher = {IEEE}
}

@ARTICLE{herbsleb2002global,
  author = {Herbsleb, J.D. and Moitra, D.},
  title = {{G}lobal {S}oftware {D}evelopment},
  journal = {Software, IEEE},
  year = {2002},
  volume = {18},
  pages = {16--20},
  number = {2},
  language = {english},
  publisher = {IEEE}
}

@ARTICLE{Hovland,
  author = {Hovland, I.},
  title = {Knowledge Management and Organisational
	
	Learning: An International Development Perspective},
  journal = {Overseas Development Institute Working Paper No. 224},
  volume = {Overseas Development Institute, London, UK.}
}

@BOOK{jac00,
  title = {El proceso unificado de desarrollo de software},
  publisher = {Addison Wesley},
  year = {2000},
  author = {Jacobson, I. and Booch, G. and Rumbaugh, J.},
  language = {spanish}
}

@ARTICLE{Kanagasabapathy2006,
  author = {Kanagasabapathy, K.A. and Radhakrishnan, R. and Balasubramanian,
	S.},
  title = {Empirical Investigation of Critical Success Factor and Knowledge
	Management
	
	Structure for Successful Implementation of Knowledge Management System:
	A Case
	
	Study in Process Industry},
  year = {2006}
}

@ARTICLE{mohagheghi2004global,
  author = {Mohagheghi, P.},
  title = {{Global Software Development: Issues, Solutions, Challenges}},
  journal = {Retrieved April},
  year = {2004},
  volume = {7},
  pages = {2009}
}

@MISC{eclipse,
  title = {{E}clipse {H}ome},
  language = {english},
  type = {web page},
  url = {http://www.eclipse.org/}
}

