% This file was created with JabRef 2.7.
% Encoding: Cp1252

@inproceedings{dingsyr2004benefits,
  title={The Benefits and Limitations of Knowledge Management in Global Software Development},
  author={Dings{\o}yr, T. and Rolland, K.H. and Jaccheri, M.L.},
  booktitle={The 3 rd International Workshop on Global Software Development},
  pages={63},
  year={2004},
  organization={Citeseer},
  language={english}
}

@article{alavi1999knowledge,
  title={Knowledge management systems: issues, challenges, and benefits},
  author={Alavi, M. and Leidner, D.E.},
  journal={Communications of the AIS},
  volume={1},
  number={2es},
  pages={1--es},
  year={1999},
  publisher={Association for Information Systems},
  language={english}
}

@article{evaristo1999typology,
  title={A typology of project management: emergence and evolution of new forms},
  author={Evaristo, R. and van Fenema, P.C.},
  journal={International Journal of Project Management},
  volume={17},
  number={5},
  pages={275--281},
  year={1999},
  publisher={Elsevier},
  language={english}
}

@article{nunes2006knowledge,
  title={Knowledge management issues in knowledge-intensive SMEs},
  author={Nunes, M.B. and Annansingh, F. and Eaglestone, B. and Wakefield, R.},
  journal={Journal of Documentation},
  volume={62},
  number={1},
  pages={101--119},
  year={2006},
  publisher={Emerald Group Publishing Limited},
  language={english}
}

@article{burch2005sociedad,
  title={Sociedad de la informaci{\'o}n/Sociedad del conocimiento},
  author={Burch, S.},
  journal={Palabras en Juego: Enfoques Multiculturales sobre las Sociedades de la Informaci{\'o}n, C \& F.. http://www. vecam. org/article518. html},
  year={2005},
  language={spanish}
}

@article{castells1999globalización,
  title={Globalizaci{\'o}n, sociedad y pol{\'\i}tica en la era de la informaci{\'o}n},
  author={Castells, M.},
  journal={Revista An{\'a}lisis Pol{\'\i}tico},
  pages={3--16},
  year={1999},
  language={spanish}
}

@phdthesis{oscar,
  title={Metodolog{\'\i}a para el dise{\~n}o de sistemas de administraci{\'o}n del conocimiento: su aplicaci{\'o}n en mantenimiento de software, CICESE},
  author={El{\'\i}as, O.},
  year={2007},
  school={Tesis de doctorado, Ensenada, BC, M{\'e}xico},
  language={spanish}
}

@book{wenger1998communities,
  title={Communities of practice: Learning, meaning, and identity},
  author={Wenger, E.},
  year={1998},
  publisher={Cambridge Univ Pr},
  language={english}
}

@ARTICLE{cbr,
  author = {Aamodt, A. and Plaza, E.},
  title = {{Case-based reasoning: Foundational issues, methodological variations,
	and system approaches}},
  journal = {AI communications},
  year = {1994},
  volume = {7},
  pages = {39--59},
  number = {1},
  issn = {0921-7126},
  language = {english},
  publisher = {Citeseer}
}

@ARTICLE{CBRCommentaries,
  author = {Aha, D.W. and Marling, C. and Watson, I.},
  title = {{Case-based reasoning commentaries: introduction}},
  journal = {The Knowledge Engineering Review},
  year = {2005},
  volume = {20},
  pages = {201--202},
  number = {03},
  issn = {0269-8889},
  language = {english},
  publisher = {Cambridge Univ Press}
}

@MISC{apacheCommons,
  author = {{Apache Commons Configuration}},
  url = {http://commons.apache.org/configuration/}
}

@MISC{Bornemann2003,
  author = {Bornemann, M. and Graggober, M. and Hartlieb, E. and Humpl, B. and
	Koronakis, P. and Primus, A. and Ritsch, K. and Rollett, H. and Sammer,
	M. and Tuppinger, J. and Willfort, R. and Wöls, K.},
  title = {{An Illustrated Guide to Knowledge Management}},
  year = {2003},
  language = {english},
  organization = {Wissensmanagement Forum}
}

@ARTICLE{damian2006guest,
  author = {Damian, D. and Moitra, D.},
  title = {{Guest Editors' Introduction: Global Software Development: How Far
	Have We Come?}},
  journal = {Software, IEEE},
  year = {2006},
  volume = {23},
  pages = {17--19},
  number = {5},
  language = {english},
  publisher = {IEEE}
}

@article{barclay1997knowledge,
  title={What is knowledge management},
  author={Barclay, R.O. and Murray, P.C.},
  journal={Knowledge Praxis},
  volume={19},
  year={1997},
  language = {english}
}

@book{dalkir2007knowledge,
  title={Knowledge management in theory and practice},
  author={Dalkir, K.},
  year={2007},
  publisher={Elsevier/Butterworth Heinemann},
  language = {english}
}

@book{holzner1979knowledge,
  title={Knowledge application: The knowledge system in society},
  author={Holzner, B. and Marx, J.H.},
  year={1979},
  publisher={Allyn and Bacon Boston},
  language{english}
}

@article{nonaka1994dynamic,
  title={A dynamic theory of organizational knowledge creation},
  author={Nonaka, I.},
  journal={Organization science},
  pages={14--37},
  year={1994},
  publisher={JSTOR},
  language{english}
}

@article{alavi2001review,
  title={Review: Knowledge management and knowledge management systems: Conceptual foundations and research issues},
  author={Alavi, M. and Leidner, D.E.},
  journal={MIS quarterly},
  pages={107--136},
  year={2001},
  publisher={JSTOR},
  language={english}
}

@BOOK{Davenport2000,
  title = {{Working Knowledge: How organizations manage what they know}},
  publisher = {Harvard Business School Press},
  year = {2000},
  author = {Davenport, T.H. and Prusak. L.},
  language = {english}
}

@BOOK{davenport2000working,
  title={Working knowledge: How organizations manage what they know},
  author={Davenport, T.H. and Prusak, L.},
  year={2000},
  publisher={Harvard Business Press},
  language = {english}
}

@BOOK{freeman2010strategic,
  title = {Strategic Management: A Stakeholder Approach},
  publisher = {Cambridge University Press},
  year = {2010},
  author = {Freeman, R.E.},
  isbn = {9780521151740},
  language = {english}
}

@BOOK{sahay:globalit,
  title = {Global IT Outsourcing: Software Development across Borders},
  publisher = {Cambridge University Press},
  year = {2003},
  author = {Sundeep Sahay and Brian Nicholson and Srinivas Krishna},
  month = {November},
  language = {english}
}

@ARTICLE{sangwan2006global,
  title={Global Software Development Handbook (Auerbach Series on Applied Software Engineering Series)},
  author={Sangwan, R. and Bass, M. and Mullick, N. and Paulish, D.J. and Kazmeier, J.},
  year={2006},
  publisher={Auerbach Publications},
  language = {english}
}

@article{aspray2006globalization,
  title={Globalization and offshoring of software},
  author={Aspray, W. and Mayadas, F. and Vardi, M.Y. and others},
  journal={Report of the ACM Job Migration Task Force, Association for Computing Machinery},
  language = {english},
  year={2006}
}

@ARTICLE{ebert2002surviving,
  author = {Ebert, C. and De Neve, P.},
  title = {{Surviving global software development}},
  journal = {Software, IEEE},
  year = {2002},
  volume = {18},
  pages = {62--69},
  number = {2},
  language = {english},
  publisher = {IEEE}
}

@MISC{eclipse,
  author = {{Eclipse Home}},
  language = {english},
  type = {web page},
  url = {http://www.eclipse.org/}
}

@MISC{code,
  author = {{Google Code Project Hosting}},
  url = {http://code.google.com/intl/es-ES/projecthosting/}
}

@ELECTRONIC{wernerHeij,
  author = {Werner Heijstek},
  year = {2011},
  title = {Global Software Development},
  howpublished = {Leiden University},
  organization = {Leiden Institute of Advanced Computer Science},
  language = {english}
}

@ARTICLE{benefitsGSD,
  title={Benefits of global software development: the known and unknown},
  author={{\AA}gerfalk, P. and Fitzgerald, B. and Holmstr{\"o}m Olsson, H. and {\'O} Conch{\'u}ir, E.},
  journal={Making Globally Distributed Software Development a Success Story},
  pages={1--9},
  year={2008},
  publisher={Springer},
  language={english}
}

@ARTICLE{conchúir2009global,
  title={Global software development: where are the benefits?},
  author={Conch{\'u}ir, E.{\'O}. and {\AA}gerfalk, P.J. and Olsson, H.H. and Fitzgerald, B.},
  journal={Communications of the ACM},
  volume={52},
  number={8},
  pages={127--131},
  year={2009},
  publisher={ACM},
  language={english}
}

@ARTICLE{fitzgerald2010global,
  title={Global software development: a multiple-case study of the realisation of the benefits},
  author={Fitzgerald, B. and Holmstrom Olsson, H. and Conchuir, O. and others},
  year={2010},
  publisher={University of Limerick, Department of Computer Science \& Information Systems},
  language{english}
}

@ARTICLE{monasor,
  title={Hacia una Metodología Orientada al Desarrollo Distribuido de Software},
  author={Monasor, M.J.},
  year={2009},
  publisher={Universidad de Castilla la Mancha, Departamento de Sistemas Informáticos},
  language{spanish}
}

@ARTICLE{kobitzsch2001outsourcing,
  title={Outsourcing in India [software development]},
  author={Kobitzsch, W. and Rombach, D. and Feldmann, R.L.},
  journal={Software, IEEE},
  volume={18},
  number={2},
  pages={78--86},
  year={2001},
  publisher={IEEE}
  language{english}
}

@inproceedings{evaristo2000geographically,
  title={Geographically distributed project teams: a dimensional analysis},
  author={Evaristo, J.R. and Scudder, R.},
  booktitle={System Sciences, 2000. Proceedings of the 33rd Annual Hawaii International Conference on},
  pages={11--pp},
  year={2000},
  organization={IEEE},
  language = {english}
}

@ARTICLE{blackburn1996concurrent,
  title={Concurrent software engineering: Prospects and pitfalls},
  author={Blackburn, J.D. and Hoedemaker, G. and Van Wassenhove, L.N.},
  journal={Engineering Management, IEEE Transactions on},
  volume={43},
  number={2},
  pages={179--188},
  year={1996},
  publisher={IEEE},
  language{english}
}

@ARTICLE{cho2007globalization,
  title={Globalization and global software development},
  author={Cho, J.},
  journal={Issues in information systems},
  volume={8},
  number={2},
  pages={287--290},
  year={2007},
  language={english}
}

@ARTICLE{herbsleb2002global,
  author = {Herbsleb, J.D. and Moitra, D.},
  title = {{G}lobal {S}oftware {D}evelopment},
  journal = {Software, IEEE},
  year = {2002},
  volume = {18},
  pages = {16--20},
  number = {2},
  language = {english},
  publisher = {IEEE}
}

@MISC{hibernate,
  author = {{Hibernate Home Page}},
  url = {http://www.hibernate.org/}
}

@ARTICLE{Hovland,
  author = {Hovland, I.},
  title = {Knowledge Management and Organisational Learning: An International
	Development Perspective},
  journal = {Overseas Development Institute Working Paper No. 224},
  volume = {Overseas Development Institute, London, UK.},
  language = {english}
}

@ARTICLE{torossi,
  author = {Torossi, G.},
  title = {El proceso Unificado de Desarrollo de Software},
  language = {spanish}
}

@BOOK{jac00,
  title = {El proceso unificado de desarrollo de software},
  publisher = {Addison Wesley},
  year = {2000},
  author = {Jacobson, I. and Booch, G. and Rumbaugh, J.},
  language = {spanish}
}

@book{kruchten2004rational,
  title={The rational unified process: an introduction},
  author={Kruchten, P.},
  year={2004},
  publisher={Addison-Wesley Professional}
  language={english}
}

@MISC{java,
  author = {{Java Home}},
  url = {http://www.java.com/es/}
}

@MISC{jaxb,
  author = {{JAXB: Java Architecture for XML Binding}},
  url = {http://jaxb.java.net/}
}

@MISC{jfreechart,
  author = {{JFreeChart Home}},
  url = {http://www.jfree.org/jfreechart/}
}

@ARTICLE{Kanagasabapathy2006,
  author = {Kanagasabapathy, K.A. and Radhakrishnan, R. and Balasubramanian,
	S.},
  title = {Empirical Investigation of Critical Success Factor and Knowledge
	Management
	
	Structure for Successful Implementation of Knowledge Management System:
	A Case
	
	Study in Process Industry},
  year = {2006},
  language = {english}
}

@ARTICLE{kolodner1992introduction,
  author = {Kolodner, J.L.},
  title = {{An introduction to case-based reasoning}},
  journal = {Artificial Intelligence Review},
  year = {1992},
  volume = {6},
  pages = {3--34},
  number = {1},
  issn = {0269-2821},
  language = {english}
}

@MISC{latex,
  author = {{LaTeX  A document preparation system}},
  url = {http://www.latex-project.org/}
}

@ARTICLE{lopez2005retrieval,
  author = {Lopez De Mantaras, R. and McSherry, D. and Bridge, D. and Leake,
	D. and Smyth, B. and Craw, S. and Faltings, B. and Maher, M.L. and
	Cox, M.T. and Forbus, K. and others},
  title = {{Retrieval, reuse, revision and retention in case-based reasoning}},
  journal = {The Knowledge Engineering Review},
  year = {2005},
  volume = {20},
  pages = {215--240},
  number = {03},
  issn = {0269-8889},
  language = {english},
  publisher = {Cambridge Univ Press}
}

@ARTICLE{mohagheghi2004global,
  author = {Mohagheghi, P.},
  title = {{Global Software Development: Issues, Solutions, Challenges}},
  journal = {Retrieved April},
  year = {2004},
  volume = {7},
  pages = {2009},
  language = {english}
}

@MISC{mysql,
  author = {{MySQL Home}},
  url = {http://www.mysql.com}
}

@MISC{png,
  author = {{PNG: Portable Network Graphics}},
  url = {http://www.w3.org/Graphics/PNG/}
}

@MISC{subversion,
  author = {{Subversion Project}},
  url = {http://subversion.tigris.org/}
}

@ELECTRONIC{visualparadigm,
  author = {{Visual Paradigm Home}},
  url = {http://www.visual-paradigm.com/}
}

@ARTICLE{watson1998cbr,
  author = {Watson, I.},
  title = {{CBR is a methodology not a technology}},
  journal = {Research \& Development in Expert Systems XV},
  year = {1998},
  pages = {213--223},
  language = {english},
  publisher = {Springer-London}
}

@MISC{xml,
  author = {{XML: eXtensible Markup Language}},
  url = {http://www.w3.org/XML/}
}

@MISC{zest,
  author = {{Zest: The Eclipse Visualization Toolkit}},
  url = {http://www.eclipse.org/gef/zest/}
}

@article{insightinc,
  title={Inc (2005)." Executive Summary: The Comprehensive Impact of offshore Software and IT Services Outsourcing on the US Economy and the IT Industry."},
  author={Insight, G.},
  journal={Information Technology Association of America},
  language={english}
}

@article{carmel2010follow,
  title={" Follow the Sun" Workflow in Global Software Development},
  author={Carmel, E. and Espinosa, J.A. and Dubinsky, Y.},
  journal={Journal of Management Information Systems},
  volume={27},
  number={1},
  pages={17--38},
  year={2010},
  publisher={ME Sharpe},
  language={english}
}

@article{lee1997design,
  title={Design rationale systems: understanding the issues},
  author={Lee, J.},
  journal={IEEE Expert},
  volume={12},
  number={3},
  pages={78--85},
  year={1997},
  publisher={IEEE},
  language={english}
}

@inproceedings{chen1990design,
  title={Design history knowledge representation and its basic computer implementation},
  author={Chen, A. and McGinnis, B. and Ullman, D. and Dietterich, T.},
  booktitle={Proceedings of the Design Theory and Methodology Conference, ASME},
  pages={175--184},
  year={1990},
  language={english}
}

@book{Dutoit2006,
  title={Rationale management in software engineering},
  author={Dutoit, A.H. and McCall, R. and Mistr{\'\i}k, I. and Paech, B.},
  year={2006},
  publisher={Springer},
  language={english}
}

@INCOLLECTION{Dutoit2006Ibis,
  author = {Rooksby, J. and Sommerville, I. and Pidd, M.},
  year={2006},
  title = {A Hybrid Approach to Upstream Requirements: IBIS and Cognitive Mapping},
  booktitle = {Rationale management in software engineering},
  publisher = {Springer},
  year = {2006},
  pages = {137-153},
  language={english}
}

@INCOLLECTION{Dutoit2006Casual
  author = {Bass, L. and Clements, P and Nord, R.L. and Stafford, J.},
  year={2006},
  title = {Capturing and Using Rationale for a Software Architecture},
  booktitle = {Rationale management in software engineering},
  publisher = {Springer},
  year = {2006},
  pages = {254-273},
  language={english}
}
