@book{libro,
  title={Rationale management in software engineering},
  author={Dutoit, A.H. and McCall, R. and Mistrik, I. and Paech, B.},
  year={2006},
  publisher={Citeseer}
}

@article{alavi2001review,
  title={{Review: Knowledge management and knowledge management systems: Conceptual foundations and research issues}},
  author={Alavi, M. and Leidner, D.E.},
  journal={MIS quarterly},
  pages={107--136},
  year={2001},
  publisher={JSTOR}
}

@article{archium,
  title={{Tool support for Architectural Decisions}},
  author={Jansen, A. and Van der Ven, J. and Avgeriou, P. and Hammer, K.D.},
  year={2006},
  publisher={IEEE}
}

@article{nasa,
  title={{Requirements for a Design Rationale Capture Tool to Support NASA's Complex System}},
  author={Hooey B.L.}
}

@article{gruber-design,
  title={{Design knowledge and design rationale: A framework for representation, capture, and use}},
  author={Gruber, T.R. and Russell, D.M.},
  journal={Knowledge Systems Laboratory Technical Report KSL},
  pages={90--45},
  publisher={Citeseer}
}

@article{chandra2003knowledge,
  title={{Knowledge management for consumer-focused product design}},
  author={Chandra, C. and Kamrani, A.K.},
  journal={Journal of intelligent manufacturing},
  volume={14},
  number={6},
  pages={557--580},
  year={2003},
  publisher={Springer}
}

@conference{natali2002knowledge,
  title={{Knowledge Management in Software Engineering Environments}},
  author={Natali, A.C.C. and Falbo, RA},
  booktitle={Proceedings of the XVI Brazilian Symposium on Software Engineering (SBES'2002)},
  pages={238--253},
  organization={Citeseer}
}

@article{pokojski-personal,
  title={{Personal Knowledge Management in Engineering Design--Issues, Concepts and Applications}},
  author={Pokojski, J.}
}

@misc{seurat,
author = {Burge, E.J.},
title = {{SEURAT: Software Engineering Using RATionale}},
type = {web page},
howpublished  = {\url{http://www.users.muohio.edu/burgeje/SEURAT/index.html}},
year = {2006}
}

@misc{eclipse,
title = {{Eclipse Home}},
type = {web page},
howpublished  = {\url{http://www.eclipse.org/}}
}

