% This file was created with JabRef 2.6.
% Encoding: Cp1252

@BOOK{libro,
  title = {Rationale management in software engineering},
  publisher = {Citeseer},
  year = {2006},
  author = {Dutoit, A.H. and McCall, R. and Mistrik, I. and Paech, B.},
  language = {english},
  url = {http://www.kronto.org/thesis/tips/url-formatting.html}
}

@ARTICLE{herbsleb2002global,
  author = {Herbsleb, J.D. and Moitra, D.},
  title = {{G}lobal {S}oftware {D}evelopment},
  journal = {Software, IEEE},
  year = {2002},
  volume = {18},
  pages = {16--20},
  number = {2},
  language = {english},
  publisher = {IEEE}
}

@article{damian2006guest,
  title={{Guest Editors' Introduction: Global Software Development: How Far Have We Come?}},
  author={Damian, D. and Moitra, D.},
  journal={Software, IEEE},
  volume={23},
  number={5},
  pages={17--19},
  year={2006},
  publisher={IEEE}
}

@article{ebert2002surviving,
  title={{Surviving global software development}},
  author={Ebert, C. and De Neve, P.},
  journal={Software, IEEE},
  volume={18},
  number={2},
  pages={62--69},
  year={2002},
  publisher={IEEE}
}

@article{mohagheghi2004global,
  title={{Global Software Development: Issues, Solutions, Challenges}},
  author={Mohagheghi, P.},
  journal={Retrieved April},
  volume={7},
  pages={2009},
  year={2004}
}

@BOOK{jac00,
  title = {El proceso unificado de desarrollo de software},
  publisher = {Addison Wesley},
  year = {2000},
  author = {Ivar Jacobson and Grady Booch and James Rumbaugh},
  language = {spanish}
}

@MISC{eclipse,
  title = {{E}clipse {H}ome},
  language = {english},
  type = {web page},
  url = {http://www.eclipse.org/}
}

